@misc{ wiki:Autor01,
    author = "{Luís Pereira da Silva Júnior}",
    title = "Construções Geométricas Por Régua e Compasso e
Números Construtíveis",
    year = "2013",
    howpublished = "\url{http://www.dme.ufcg.edu.br/PROFmat/TCC/Luis.pdf}",
    note = "[Online; accessed 08-December-2020]"
  }
